<record><leader>00000cas a22000007a 4500</leader><controlfield tag="001">13364242</controlfield><controlfield tag="008">860331d19791982inuwr ne      0    0eng d</controlfield><datafield ind1=" " ind2=" " tag="010"><subfield code="a">sn 86058427 </subfield></datafield><datafield ind1=" " ind2=" " tag="040"><subfield code="a">NPI</subfield><subfield code="b">eng</subfield><subfield code="c">NPI</subfield><subfield code="d">OCLCQ</subfield></datafield><datafield ind1=" " ind2=" " tag="042"><subfield code="a">msc</subfield></datafield><datafield ind1="0" ind2="4" tag="245"><subfield code="a">The Towne crier.</subfield></datafield><datafield ind1=" " ind2=" " tag="260"><subfield code="a">Pendleton, Ind. :</subfield><subfield code="b">Pendleton Print. Co.,</subfield><subfield code="c">-1982.</subfield></datafield><datafield ind1=" " ind2=" " tag="300"><subfield code="a">v. :</subfield><subfield code="b">ill.</subfield></datafield><datafield ind1=" " ind2=" " tag="310"><subfield code="a">Weekly</subfield></datafield><datafield ind1="1" ind2=" " tag="362"><subfield code="a">Began in Nov. 1979.</subfield></datafield><datafield ind1="0" ind2=" " tag="362"><subfield code="a">-v. 3, no. 11 (Jan. 29 [i.e. 27] 1982).</subfield></datafield><datafield ind1=" " ind2=" " tag="500"><subfield code="a">"Free advertising paper."</subfield></datafield><datafield ind1=" " ind2=" " tag="515"><subfield code="a">Date on Vol. 1, no. 9 issue appeared on all pages except the first page.</subfield></datafield><datafield ind1=" " ind2=" " tag="515"><subfield code="a">Vol. 3, no. 11 was misdated on the masthead, but dated correctly throughout the rest of the issue.</subfield></datafield><datafield ind1=" " ind2=" " tag="588"><subfield code="a">Description based on: Vol. 1, no. 9 (Jan. 2, 1980).</subfield></datafield><datafield ind1=" " ind2=" " tag="752"><subfield code="a">United States</subfield><subfield code="b">Indiana</subfield><subfield code="c">Madison</subfield><subfield code="d">Pendleton.</subfield></datafield><datafield ind1="1" ind2=" " tag="029"><subfield code="a">AU@</subfield><subfield code="b">000023535288</subfield></datafield></record>